%% Buch:    author oder editor, title, publisher, year  
%%          volume oder number, series, address, edition, month, note, isbn
@book{ seifart90,
  address = {Heidelberg, Baden-Wuerttemberg, Germany},
  author = {Manfred Seifart},
  publisher = {Huethig Buch Verlag Heidelberg},
  title = {Analoge Schaltungen},
  year = 1990,
  isbn = {3-7785-1862-3},
}
%--------------------------------------------------------------------------%
%-------------------------- Datenblatt zum OPA37 --------------------------%
%--------------------------------------------------------------------------%
@manual{ datasheet:OPA37,
  address       =   {http://www.ti.com/lit/gpn/opa37},
  title         =   {Ultra-Low Noise, Precision Operational Amplifiers (Rev. C)},
  year          =   {2005},
  author        =   {Texas Instruments Incorporated [SBOS135,C]},
  organization  =   {Texas Instruments},
  edition       =   {2012},
  note          =   {http://www.ti.com/product/opa37}
}